11111111111111111111111111111111111111111111111111133333333333333333333333333333
11111110000000111111000000000000000000000000000001133333333333333333333333333333
11222220000000000000000000000000000222200000000001133333333333333333333333333333
11222220000000000000000000000000000222200000000001133333333333333333333333333333
11000000000111111111111111111000000000000000000001133333333333333333333333333333
11000000000110000000000000011000000000000000000001133333333333333333333333333333
11000000000110000000000000011000000000000000000001133333333333333333333333333333
11000000000110000000000000011000000022200000000001133333333333333333333333333333
11000000000111111111111111111000000022200000000001133333333333333333333333333333
11002211111000000000000000000000000022200000000001133333333333333333333333333333
11002200000000000000000000000000000000000000000001133333333333333333333333333333
11002211111000000000000000000000000000000000000001133333333333333333333333333333
11002200000000000000000111111100000000000000000001133333333333333333333333333333
11000000000000000000000110001100000000000000000001133333333333333333333333333333
11000000000000000000000110001100000000000000000001133333333333333333333333333333
11000000000000000111111110001100000000000000000001133333333333333333333333333333
11000000000000000110000000001100000000000000000001133333333333333333333333333333
11000000000000000111111111111100000000000000000001133333333333333333333333333333
11000000000000000000000000000000000000000000000001133333333333333333333333333333
11000000000000000000000000000000000000000000000001133333333333333333333333333333
11111111111111111111111111111111111111111111111111133333333333333333333333333333
33333333333333333333333333333333333333333333333333333333333333333333333333333333
33333333333333333333333333333333333333333333333333333333333333333333333333333333
33333333333333333333333333333333333333333333333333333333333333333333333333333333
33333333333333333333333333333333333333333333333333333333333333333333333333333333
33333333333333333333333333333333333333333333333333333333333333333333333333333333
33333333333333333333333333333333333333333333333333333333333333333333333333333333
33333333333333333333333333333333333333333333333333333333333333333333333333333333
33333333333333333333333333333333333333333333333333333333333333333333333333333333
33333333333333333333333333333333333333333333333333333333333333333333333333333333
33333333333333333333333333333333333333333333333333333333333333333333333333333333
33333333333333333333333333333333333333333333333333333333333333333333333333333333
33333333333333333333333333333333333333333333333333333333333333333333333333333333
33333333333333333333333333333333333333333333333333333333333333333333333333333333
33333333333333333333333333333333333333333333333333333333333333333333333333333333
33333333333333333333333333333333333333333333333333333333333333333333333333333333
33333333333333333333333333333333333333333333333333333333333333333333333333333333
33333333333333333333333333333333333333333333333333333333333333333333333333333333
33333333333333333333333333333333333333333333333333333333333333333333333333333333
33333333333333333333333333333333333333333333333333333333333333333333333333333333
